<?xml version="1.0" encoding="UTF-8"?><record xmlns="http://www.loc.gov/MARC21/slim" xmlns:cinclude="http://apache.org/cocoon/include/1.0" xmlns:zs="http://www.loc.gov/zing/srw/">
  <leader>00689cz  a2200145n  4500</leader>
  <controlfield tag="001">n  91028160 </controlfield>
  <controlfield tag="003">DLC</controlfield>
  <controlfield tag="005">20120810083933.0</controlfield>
  <controlfield tag="008">910321n| acannaab           |a ana      </controlfield>
  <datafield tag="010" ind1=" " ind2=" ">
    <subfield code="a">n  91028160 </subfield>
  </datafield>
  <datafield tag="040" ind1=" " ind2=" ">
    <subfield code="a">DLC</subfield>
    <subfield code="b">eng</subfield>
    <subfield code="c">DLC</subfield>
    <subfield code="d">DLC</subfield>
  </datafield>
  <datafield tag="111" ind1="2" ind2=" ">
    <subfield code="a">Conference on Graph Theory</subfield>
    <subfield code="d">(1984 :</subfield>
    <subfield code="c">Eyba, Germany)</subfield>
  </datafield>
  <datafield tag="411" ind1="2" ind2=" ">
    <subfield code="a">International Conference on Graph Theory and Applications</subfield>
    <subfield code="d">(1984 :</subfield>
    <subfield code="c">Eyba, Germany)</subfield>
  </datafield>
  <datafield tag="667" ind1=" " ind2=" ">
    <subfield code="a">THIS 1XX FIELD CANNOT BE USED UNDER RDA UNTIL THIS RECORD HAS BEEN REVIEWED AND/OR UPDATED</subfield>
  </datafield>
  <datafield tag="670" ind1=" " ind2=" ">
    <subfield code="a">Its Graphs, hypergraphs and applications, c1985:</subfield>
    <subfield code="b">t.p. (Conference on Graph Theory; held in Eyba, 10/1-5/84) p. 3 (International Conference on Graph Theory and Applications; Eyba (GDR))</subfield>
  </datafield>
</record>